@ARTICLE{ParticleDataGroup:2020ssz,
    author = "Zyla, P. A. and others",
    collaboration = "Particle Data Group",
    title = "{Review of Particle Physics}",
    doi = "10.1093/ptep/ptaa104",
    journal = "PTEP",
    volume = "2020",
    number = "8",
    pages = "083C01",
    year = "2020"
}

@BOOK{zettili2003quantum,
  title={Quantum mechanics: concepts and applications},
  author={Zettili, Nouredine},
  year={2003},
  publisher={American Association of Physics Teachers}
}
